@misc{BinarySearchGeeks,
    title = "Binary Search Algorithm â€“ Iterative and Recursive Implementation",
    author = "GeeksforGeeks",
    url = "https://www.geeksforgeeks.org/binary-search/"
}

@misc{zeroExample,
    title = "Section 4.13 : Newton's Method",
    author = "Paul Dawkins",
    url = "https://tutorial.math.lamar.edu/Classes/CalcI/NewtonsMethod.aspx"
}

@misc{QuarticEquation,
    title = "General formula for solving quartic (degree 4) equations",
    author = "Anixx",
    url = "https://math.stackexchange.com/questions/785/general-formula-for-solving-quartic-degree-4-equations"
}

@misc{CubicEquation,
    title = "The Cubic Formula (Solve Any 3rd Degree Polynomial Equation)",
    author = "Eric Schechter",
    url = "https://math.vanderbilt.edu/schectex/courses/cubic/"
}

@misc{piNasa,
    title = "How Many Decimals of Pi Do We Really Need?",
    author = "NASA/JPL",
    url = "https://www.jpl.nasa.gov/edu/news/how-many-decimals-of-pi-do-we-really-need/"
}